@book{bb,                                                                                                                                                                                                         
  title={Health Information Systems: {A}rchitectures and Strategies},
  author={Winter, A. and Haux, R. and Ammenwerth, E. and Brigl, B. and Hellrung, N. and Jahn, F.},
  series={Health Informatics},
  year={2011},
  publisher={Springer London}
}

@book{ob,
  author={Ammenwerth, Elske and Bess, Andreas},
  title={{IT}-{P}rojektmanagement im {G}esundheitswesen},
  edition={second},
  publisher={Schattauer},
  address={Stuttgart, Germany},
  year={2015},
}

@book{he,
  title={Informationsmanagement: Grundlagen, Aufgaben, Methoden},
  author={Heinrich, Lutz J and Riedl, Ren{\'e} and Stelzer, Dirk},
  year={2014},
  publisher={De Gruyter}
}

@article{domaene,
  title={Entwicklung und {E}insatz einer {D}om{\"a}nenontologie des {I}nformationsmanagements im {K}rankenhaus},
  author={Schaaf, Michael and Jahn, Franziska and Tahar, Kais and Kucherer, Christian and Winter, Alfred and Paech, Barbara},
  journal={INFORMATIK 2015},
  year={2015},
  publisher={Gesellschaft f{\"u}r Informatik eV}
}

@article{it4it,
  title={The {O}pen {G}roup {IT4IT}â„¢ Reference Architecture, Version 2.0},
  author={Josey, A},
  journal={Berkshire, UK: The Open Group},
  year={2015}
}

@article{ciosurvey,
  title={The status quo of information management in hospitals-results of an online survey},
  author={K{\"u}cherer, Christian and Liebe, Jan David and Schaaf, Michael and Thye, Johannes and Paech, Barbara and Winter, Alfred and Jahn, Franziska},
  journal={Informatik 2016},
  year={2016},
  publisher={Gesellschaft f{\"u}r Informatik eV}
}

@inproceedings{domainontologies,
  title={Use of Domain Ontologies to Improve Requirements Quality},
  author={K{\"u}cherer, Christian},
  booktitle={REFSQ Workshops},
  year={2017}
}

@Article{sniktec,
   Author="H{\"o}ffner, K.  and Jahn, F.  and K{\"u}cherer, C.  and Paech, B.  and Schneider, B.  and Sch{\"o}bel, M.  and St{\"a}ubert, S.  and Winter, A. ",
   Title="{{T}echnical {E}nvironment for {D}eveloping the {S}{N}{I}{K} {O}ntology of {I}nformation {M}anagement in {H}ospitals}",
   Journal="Studies in Health Technology and Informatics",
   Year="2017",
   Volume="243",
   Pages="122--126"
}

@inproceedings{lodlive,
  title={{L}od{L}ive, exploring the web of data},
  author={Camarda, Diego Valerio and Mazzini, Silvia and Antonuccio, Alessandro},
  booktitle={Proceedings of the 8th International Conference on Semantic Systems},
  pages={197--200},
  year={2012},
  organization={ACM}
}

